@misc{igvc11,
	title  = {{The 19th Annual Intelligent Ground Vehicle Competition}},
	author = {Theisen, Bernard},
	year   = {2011},
}

#princeton08 {
#}

#deleware08 {
#}

@article{stereo,
	title   = {{Small Vision Systems: hardware and implementation}},
	author  = {K. Konolige},
	journal = {Eighth International Symposium on Robotics Research},
	year    = {1997},
	month   = {10},
}

@phdthesis{unsync,
	title  = {{Stereo vision and mapping with unsynchronized cameras}},
	author = {Ray C. He},
	school = {Massachusetts Institute of Technology},
	year   = {2008},
}

@phdthesis{huang_thesis,
	title        = {{Lane Estimation for Autonomous Vehicles Using Vision and LIDAR}},
	author       = {Albert Huang},
	school       = {Massachusetts Institute of Technology},
	year         = {2010}
}

@article{huang_paper,
	title        = {{Multi-sensor lane finding in urban road networks}},
	author       = {Huang, A.S. and Moore, D. and Antone, M. and Olson, E. and Teller, S.},
	journal      = {Proceedings of Robotics: Science and Systems, Zurich, Switzerland},
	year         = {2008}
}

@article{omnivision,
	title        = {{OV7720 VGA Product Brief}},
	organization = {OmniVision},
	edition      = {1.01},
	year         = {2008},
	month        = {4},
}

# Current Events in Robotics
@misc{cockroach,
	title   = {{Robot could assist in quake search and rescue}},
	author  = {Richard Hart},
	journal = {MSNBC},
	year    = {2010},
	month   = {1},
}

@article{mine,
	title   = {{A robot cut out for mine rescue work}},
	author  = {John Roach},
	journal = {MSNBC},
	year    = {2010},
	month   = {11},
}

@article{search,
	title   = {{Japan Earthquake: Robots Help Search For Survivors}},
	author  = {Erico Guizzo},
	journal = {IEEE Spectrum},
	year    = {2011},
	month   = {3},
}

@article{gym,
	title   = {{Japanese Robot Surveys Damaged Gymnasium Too Dangerous for Rescue Workers}},
	author  = {Erio Guizzo},
	journal = {IEEE Spectrum},
	year    = {2011},
	month   = {5},
}

@article{sept11,
	title   = {{Robin Murphy: Roboticist to the Rescue}},
	author  = {David Schneider},
	journal = {IEEE Spectrum},
	year    = {2009},
	month   = {2},
}

@article{rusu2008towards,
	title={{Towards 3D Point cloud based object maps for household environments}},
	author={Rusu, R.B. and Marton, Z.C. and Blodow, N. and Dolha, M. and Beetz, M.},
	journal={Robotics and Autonomous Systems},
	volume={56},
	number={11},
	pages={927--941},
	issn={0921-8890},
	year={2008},
	publisher={Elsevier}
}
